%YAML 1.1
%TAG !u! tag:unity3d.com,2011:
--- !u!1 &8149606609624675486
GameObject:
  m_ObjectHideFlags: 0
  m_CorrespondingSourceObject: {fileID: 0}
  m_PrefabInstance: {fileID: 0}
  m_PrefabAsset: {fileID: 0}
  serializedVersion: 6
  m_Component:
  - component: {fileID: 6504289370512009985}
  - component: {fileID: 2113910916109842359}
  - component: {fileID: -2272669021349157151}
  - component: {fileID: 4405594998681496982}
  - component: {fileID: -6167925172596307818}
  - component: {fileID: -7681206782998745430}
  - component: {fileID: -4747359013328108752}
  - component: {fileID: -3963429036789661790}
  - component: {fileID: 5241892694550280730}
  - component: {fileID: -7997845969438520735}
  - component: {fileID: -2218776879526785882}
  - component: {fileID: 7557962413954098551}
  - component: {fileID: -3032736737176723847}
  - component: {fileID: 5078857689089669013}
  - component: {fileID: 4504871833008911522}
  - component: {fileID: 1145908642929598646}
  - component: {fileID: 4138583459557562124}
  - component: {fileID: -5064089219361058638}
  - component: {fileID: 3484556460034428534}
  - component: {fileID: -3706264974928936111}
  - component: {fileID: 3451485372181033398}
  - component: {fileID: -737457554488540888}
  - component: {fileID: 4798203973059374858}
  - component: {fileID: -5517253251935793247}
  m_Layer: 0
  m_Name: graphReactions-10881355
  m_TagString: Untagged
  m_Icon: {fileID: 0}
  m_NavMeshLayer: 0
  m_StaticEditorFlags: 0
  m_IsActive: 1
--- !u!4 &6504289370512009985
Transform:
  m_ObjectHideFlags: 0
  m_CorrespondingSourceObject: {fileID: 0}
  m_PrefabInstance: {fileID: 0}
  m_PrefabAsset: {fileID: 0}
  m_GameObject: {fileID: 8149606609624675486}
  m_LocalRotation: {x: 0, y: 0, z: 0, w: 1}
  m_LocalPosition: {x: 0, y: 0, z: 0}
  m_LocalScale: {x: 1, y: 1, z: 1}
  m_Children: []
  m_Father: {fileID: 0}
  m_RootOrder: 0
  m_LocalEulerAnglesHint: {x: 0, y: 0, z: 0}
--- !u!114 &2113910916109842359
MonoBehaviour:
  m_ObjectHideFlags: 0
  m_CorrespondingSourceObject: {fileID: 0}
  m_PrefabInstance: {fileID: 0}
  m_PrefabAsset: {fileID: 0}
  m_GameObject: {fileID: 8149606609624675486}
  m_Enabled: 1
  m_EditorHideFlags: 0
  m_Script: {fileID: 11500000, guid: 44c021c8ea5baa0448e49eb08fa28749, type: 3}
  m_Name: 
  m_EditorClassIdentifier: 
  gid: f1038f25-6137-4287-a748-bcb4a468e886
  references:
  - {fileID: 4405594998681496982}
  invokerVariable: {fileID: 4405594998681496982}
  components:
    keys: 713d2f30e3b0f135c901851a1a54f30aca231840489d9332bbb6e37881604e7def94b343
    values:
    - {fileID: -2272669021349157151}
    - {fileID: -6167925172596307818}
    - {fileID: -4747359013328108752}
    - {fileID: 5241892694550280730}
    - {fileID: -7997845969438520735}
    - {fileID: 5078857689089669013}
    - {fileID: 1145908642929598646}
    - {fileID: 3484556460034428534}
    - {fileID: -737457554488540888}
  stateMachine: {fileID: 11400000, guid: 068ff8b23fccc96449be9d8b865abba9, type: 2}
--- !u!114 &-2272669021349157151
MonoBehaviour:
  m_ObjectHideFlags: 0
  m_CorrespondingSourceObject: {fileID: 0}
  m_PrefabInstance: {fileID: 0}
  m_PrefabAsset: {fileID: 0}
  m_GameObject: {fileID: 8149606609624675486}
  m_Enabled: 1
  m_EditorHideFlags: 0
  m_Script: {fileID: 11500000, guid: e6d5a50368374438dbff3af09a8fefb7, type: 3}
  m_Name: 
  m_EditorClassIdentifier: 
  actions: []
  executingIndex: -1
  isExecuting: 0
--- !u!114 &4405594998681496982
MonoBehaviour:
  m_ObjectHideFlags: 0
  m_CorrespondingSourceObject: {fileID: 0}
  m_PrefabInstance: {fileID: 0}
  m_PrefabAsset: {fileID: 0}
  m_GameObject: {fileID: 8149606609624675486}
  m_Enabled: 1
  m_EditorHideFlags: 0
  m_Script: {fileID: 11500000, guid: 5427d7a3d7317485f8580bfb4a87d521, type: 3}
  m_Name: 
  m_EditorClassIdentifier: 
  variable:
    name: invoker
    save: 1
    type: 9
    tags: 0
    varStr:
      value: 
    varNum:
      value: 0
    varBol:
      value: 0
    varCol:
      value: {r: 1, g: 1, b: 1, a: 1}
    varVc2:
      value: {x: 0, y: 0}
    varVc3:
      value: {x: 0, y: 0, z: 0}
    varTxt:
      value: {fileID: 0}
    varSpr:
      value: {fileID: 0}
    varObj:
      value: {fileID: 8149606609624675486}
  isExpanded: 0
--- !u!114 &-6167925172596307818
MonoBehaviour:
  m_ObjectHideFlags: 3
  m_CorrespondingSourceObject: {fileID: 0}
  m_PrefabInstance: {fileID: 0}
  m_PrefabAsset: {fileID: 0}
  m_GameObject: {fileID: 8149606609624675486}
  m_Enabled: 1
  m_EditorHideFlags: 0
  m_Script: {fileID: 11500000, guid: be3b5368a75577b4ebea76050e4f786d, type: 3}
  m_Name: 
  m_EditorClassIdentifier: 
  igniters:
    keys: ffffffff
    values:
    - {fileID: -7681206782998745430}
  items: []
  minDistance: 0
  minDistanceToPlayer: 5
--- !u!114 &-7681206782998745430
MonoBehaviour:
  m_ObjectHideFlags: 3
  m_CorrespondingSourceObject: {fileID: 0}
  m_PrefabInstance: {fileID: 0}
  m_PrefabAsset: {fileID: 0}
  m_GameObject: {fileID: 8149606609624675486}
  m_Enabled: 0
  m_EditorHideFlags: 0
  m_Script: {fileID: 11500000, guid: 1f78c5c8b0ec74236b68d5d4b3ecea58, type: 3}
  m_Name: 
  m_EditorClassIdentifier: 
  trigger: {fileID: -6167925172596307818}
--- !u!114 &-4747359013328108752
MonoBehaviour:
  m_ObjectHideFlags: 0
  m_CorrespondingSourceObject: {fileID: 0}
  m_PrefabInstance: {fileID: 0}
  m_PrefabAsset: {fileID: 0}
  m_GameObject: {fileID: 8149606609624675486}
  m_Enabled: 1
  m_EditorHideFlags: 0
  m_Script: {fileID: 11500000, guid: e6d5a50368374438dbff3af09a8fefb7, type: 3}
  m_Name: 
  m_EditorClassIdentifier: 
  actions:
  - {fileID: -3963429036789661790}
  executingIndex: -1
  isExecuting: 0
--- !u!114 &-3963429036789661790
MonoBehaviour:
  m_ObjectHideFlags: 3
  m_CorrespondingSourceObject: {fileID: 0}
  m_PrefabInstance: {fileID: 0}
  m_PrefabAsset: {fileID: 0}
  m_GameObject: {fileID: 8149606609624675486}
  m_Enabled: 1
  m_EditorHideFlags: 0
  m_Script: {fileID: 11500000, guid: 1411f678317720149866964877ff5121, type: 3}
  m_Name: 
  m_EditorClassIdentifier: 
  isExpanded: 1
  method: 1
  region: 0
  gameVersion:
    optionIndex: 0
    value: 1.03
    global:
      allowTypesMask: 2
      name: 
    local:
      allowTypesMask: 2
      name: 
      targetType: 2
      targetObject: {fileID: 0}
    list:
      targetType: 3
      targetObject: {fileID: 0}
      select: 1
      index: 0
--- !u!114 &5241892694550280730
MonoBehaviour:
  m_ObjectHideFlags: 0
  m_CorrespondingSourceObject: {fileID: 0}
  m_PrefabInstance: {fileID: 0}
  m_PrefabAsset: {fileID: 0}
  m_GameObject: {fileID: 8149606609624675486}
  m_Enabled: 1
  m_EditorHideFlags: 0
  m_Script: {fileID: 11500000, guid: e6d5a50368374438dbff3af09a8fefb7, type: 3}
  m_Name: 
  m_EditorClassIdentifier: 
  actions:
  - {fileID: 7557962413954098551}
  - {fileID: -3032736737176723847}
  executingIndex: -1
  isExecuting: 0
--- !u!114 &-7997845969438520735
MonoBehaviour:
  m_ObjectHideFlags: 3
  m_CorrespondingSourceObject: {fileID: 0}
  m_PrefabInstance: {fileID: 0}
  m_PrefabAsset: {fileID: 0}
  m_GameObject: {fileID: 8149606609624675486}
  m_Enabled: 1
  m_EditorHideFlags: 0
  m_Script: {fileID: 11500000, guid: be3b5368a75577b4ebea76050e4f786d, type: 3}
  m_Name: 
  m_EditorClassIdentifier: 
  igniters:
    keys: ffffffff
    values:
    - {fileID: -2218776879526785882}
  items: []
  minDistance: 0
  minDistanceToPlayer: 5
--- !u!114 &-2218776879526785882
MonoBehaviour:
  m_ObjectHideFlags: 3
  m_CorrespondingSourceObject: {fileID: 0}
  m_PrefabInstance: {fileID: 0}
  m_PrefabAsset: {fileID: 0}
  m_GameObject: {fileID: 8149606609624675486}
  m_Enabled: 0
  m_EditorHideFlags: 0
  m_Script: {fileID: 11500000, guid: c7723736b72ef894fbd9e6378e1b71ec, type: 3}
  m_Name: 
  m_EditorClassIdentifier: 
  trigger: {fileID: -7997845969438520735}
  eventType: 1
--- !u!114 &7557962413954098551
MonoBehaviour:
  m_ObjectHideFlags: 3
  m_CorrespondingSourceObject: {fileID: 0}
  m_PrefabInstance: {fileID: 0}
  m_PrefabAsset: {fileID: 0}
  m_GameObject: {fileID: 8149606609624675486}
  m_Enabled: 1
  m_EditorHideFlags: 0
  m_Script: {fileID: 11500000, guid: ab096cdf3a7e40529029339a8926c871, type: 3}
  m_Name: 
  m_EditorClassIdentifier: 
  isExpanded: 0
  expectedRoomProperties:
    title: Expected Room Properties
    customData: []
  expectedMaxPlayers:
    optionIndex: 0
    value: 0
    global:
      allowTypesMask: 4
      name: 
    local:
      allowTypesMask: 4
      name: 
      targetType: 2
      targetObject: {fileID: 0}
    list:
      targetType: 3
      targetObject: {fileID: 0}
      select: 1
      index: 0
  matchingType: 0
  roomName:
    optionIndex: 0
    value: TestRoom
    global:
      allowTypesMask: 2
      name: 
    local:
      allowTypesMask: 2
      name: 
      targetType: 2
      targetObject: {fileID: 0}
    list:
      targetType: 3
      targetObject: {fileID: 0}
      select: 1
      index: 0
  maxPlayers:
    optionIndex: 0
    value: 0
    global:
      allowTypesMask: 4
      name: 
    local:
      allowTypesMask: 4
      name: 
      targetType: 2
      targetObject: {fileID: 0}
    list:
      targetType: 3
      targetObject: {fileID: 0}
      select: 1
      index: 0
  playerTTL:
    optionIndex: 0
    value: 0
    global:
      allowTypesMask: 4
      name: 
    local:
      allowTypesMask: 4
      name: 
      targetType: 2
      targetObject: {fileID: 0}
    list:
      targetType: 3
      targetObject: {fileID: 0}
      select: 1
      index: 0
  emptyRoomTTL:
    optionIndex: 0
    value: 0
    global:
      allowTypesMask: 4
      name: 
    local:
      allowTypesMask: 4
      name: 
      targetType: 2
      targetObject: {fileID: 0}
    list:
      targetType: 3
      targetObject: {fileID: 0}
      select: 1
      index: 0
  roomProperties:
    title: Room Properties
    customData: []
--- !u!114 &-3032736737176723847
MonoBehaviour:
  m_ObjectHideFlags: 3
  m_CorrespondingSourceObject: {fileID: 0}
  m_PrefabInstance: {fileID: 0}
  m_PrefabAsset: {fileID: 0}
  m_GameObject: {fileID: 8149606609624675486}
  m_Enabled: 1
  m_EditorHideFlags: 0
  m_Script: {fileID: 11500000, guid: f6282f5544d2140058bc7a23c0771c00, type: 3}
  m_Name: 
  m_EditorClassIdentifier: 
  isExpanded: 0
  audioClip: {fileID: 0}
  message:
    content: TestRoom
    postProcess: 0
    translationID: 0
  color: {r: 1, g: 1, b: 1, a: 1}
  time: 2
--- !u!114 &5078857689089669013
MonoBehaviour:
  m_ObjectHideFlags: 3
  m_CorrespondingSourceObject: {fileID: 0}
  m_PrefabInstance: {fileID: 0}
  m_PrefabAsset: {fileID: 0}
  m_GameObject: {fileID: 8149606609624675486}
  m_Enabled: 1
  m_EditorHideFlags: 0
  m_Script: {fileID: 11500000, guid: be3b5368a75577b4ebea76050e4f786d, type: 3}
  m_Name: 
  m_EditorClassIdentifier: 
  igniters:
    keys: ffffffff
    values:
    - {fileID: 4504871833008911522}
  items: []
  minDistance: 0
  minDistanceToPlayer: 5
--- !u!114 &4504871833008911522
MonoBehaviour:
  m_ObjectHideFlags: 3
  m_CorrespondingSourceObject: {fileID: 0}
  m_PrefabInstance: {fileID: 0}
  m_PrefabAsset: {fileID: 0}
  m_GameObject: {fileID: 8149606609624675486}
  m_Enabled: 0
  m_EditorHideFlags: 0
  m_Script: {fileID: 11500000, guid: c7723736b72ef894fbd9e6378e1b71ec, type: 3}
  m_Name: 
  m_EditorClassIdentifier: 
  trigger: {fileID: 5078857689089669013}
  eventType: 2
--- !u!114 &1145908642929598646
MonoBehaviour:
  m_ObjectHideFlags: 0
  m_CorrespondingSourceObject: {fileID: 0}
  m_PrefabInstance: {fileID: 0}
  m_PrefabAsset: {fileID: 0}
  m_GameObject: {fileID: 8149606609624675486}
  m_Enabled: 1
  m_EditorHideFlags: 0
  m_Script: {fileID: 11500000, guid: e6d5a50368374438dbff3af09a8fefb7, type: 3}
  m_Name: 
  m_EditorClassIdentifier: 
  actions:
  - {fileID: 4138583459557562124}
  - {fileID: -5064089219361058638}
  executingIndex: -1
  isExecuting: 0
--- !u!114 &4138583459557562124
MonoBehaviour:
  m_ObjectHideFlags: 3
  m_CorrespondingSourceObject: {fileID: 0}
  m_PrefabInstance: {fileID: 0}
  m_PrefabAsset: {fileID: 0}
  m_GameObject: {fileID: 8149606609624675486}
  m_Enabled: 1
  m_EditorHideFlags: 0
  m_Script: {fileID: 11500000, guid: 1efa2e918f10d446697b122083e4c41f, type: 3}
  m_Name: 
  m_EditorClassIdentifier: 
  isExpanded: 1
  target:
    target: 3
    gameObject: {fileID: 0}
    global:
      allowTypesMask: 512
      name: 
    local:
      allowTypesMask: 512
      name: 
      targetType: 2
      targetObject: {fileID: 8149606609624675486}
    list:
      targetType: 3
      targetObject: {fileID: 0}
      select: 1
      index: 0
    eventChangeVariable:
      m_PersistentCalls:
        m_Calls: []
  active: 1
--- !u!114 &-5064089219361058638
MonoBehaviour:
  m_ObjectHideFlags: 3
  m_CorrespondingSourceObject: {fileID: 0}
  m_PrefabInstance: {fileID: 0}
  m_PrefabAsset: {fileID: 0}
  m_GameObject: {fileID: 8149606609624675486}
  m_Enabled: 1
  m_EditorHideFlags: 0
  m_Script: {fileID: 11500000, guid: 1efa2e918f10d446697b122083e4c41f, type: 3}
  m_Name: 
  m_EditorClassIdentifier: 
  isExpanded: 1
  target:
    target: 3
    gameObject: {fileID: 4206858791086771830, guid: ffca86af95e35b04fbf75cbbd7f9b90a, type: 3}
    global:
      allowTypesMask: 512
      name: 
    local:
      allowTypesMask: 512
      name: 
      targetType: 2
      targetObject: {fileID: 8149606609624675486}
    list:
      targetType: 3
      targetObject: {fileID: 0}
      select: 1
      index: 0
    eventChangeVariable:
      m_PersistentCalls:
        m_Calls: []
  active: 0
--- !u!114 &3484556460034428534
MonoBehaviour:
  m_ObjectHideFlags: 0
  m_CorrespondingSourceObject: {fileID: 0}
  m_PrefabInstance: {fileID: 0}
  m_PrefabAsset: {fileID: 0}
  m_GameObject: {fileID: 8149606609624675486}
  m_Enabled: 1
  m_EditorHideFlags: 0
  m_Script: {fileID: 11500000, guid: e6d5a50368374438dbff3af09a8fefb7, type: 3}
  m_Name: 
  m_EditorClassIdentifier: 
  actions:
  - {fileID: -5517253251935793247}
  - {fileID: -3706264974928936111}
  - {fileID: 3451485372181033398}
  executingIndex: -1
  isExecuting: 0
--- !u!114 &-3706264974928936111
MonoBehaviour:
  m_ObjectHideFlags: 3
  m_CorrespondingSourceObject: {fileID: 0}
  m_PrefabInstance: {fileID: 0}
  m_PrefabAsset: {fileID: 0}
  m_GameObject: {fileID: 8149606609624675486}
  m_Enabled: 1
  m_EditorHideFlags: 0
  m_Script: {fileID: 11500000, guid: 1efa2e918f10d446697b122083e4c41f, type: 3}
  m_Name: 
  m_EditorClassIdentifier: 
  isExpanded: 1
  target:
    target: 3
    gameObject: {fileID: 6509061062332409566, guid: 4d26fb83bc3a67240bba68cd2b570628, type: 3}
    global:
      allowTypesMask: 512
      name: 
    local:
      allowTypesMask: 512
      name: 
      targetType: 2
      targetObject: {fileID: 8149606609624675486}
    list:
      targetType: 3
      targetObject: {fileID: 0}
      select: 1
      index: 0
    eventChangeVariable:
      m_PersistentCalls:
        m_Calls: []
  active: 1
--- !u!114 &3451485372181033398
MonoBehaviour:
  m_ObjectHideFlags: 3
  m_CorrespondingSourceObject: {fileID: 0}
  m_PrefabInstance: {fileID: 0}
  m_PrefabAsset: {fileID: 0}
  m_GameObject: {fileID: 8149606609624675486}
  m_Enabled: 1
  m_EditorHideFlags: 0
  m_Script: {fileID: 11500000, guid: 48a92d35b79174ac786bf7e74ed5c6bc, type: 3}
  m_Name: 
  m_EditorClassIdentifier: 
  isExpanded: 1
  mainCameraMotor: 0
  cameraMotor: {fileID: 6509061062332409564, guid: 4d26fb83bc3a67240bba68cd2b570628, type: 3}
  transitionTime: 0
--- !u!114 &-737457554488540888
MonoBehaviour:
  m_ObjectHideFlags: 3
  m_CorrespondingSourceObject: {fileID: 0}
  m_PrefabInstance: {fileID: 0}
  m_PrefabAsset: {fileID: 0}
  m_GameObject: {fileID: 8149606609624675486}
  m_Enabled: 1
  m_EditorHideFlags: 0
  m_Script: {fileID: 11500000, guid: be3b5368a75577b4ebea76050e4f786d, type: 3}
  m_Name: 
  m_EditorClassIdentifier: 
  igniters:
    keys: ffffffff
    values:
    - {fileID: 4798203973059374858}
  items: []
  minDistance: 0
  minDistanceToPlayer: 5
--- !u!114 &4798203973059374858
MonoBehaviour:
  m_ObjectHideFlags: 3
  m_CorrespondingSourceObject: {fileID: 0}
  m_PrefabInstance: {fileID: 0}
  m_PrefabAsset: {fileID: 0}
  m_GameObject: {fileID: 8149606609624675486}
  m_Enabled: 0
  m_EditorHideFlags: 0
  m_Script: {fileID: 11500000, guid: 89c33d34fba244e99093ed3225e6bca4, type: 3}
  m_Name: 
  m_EditorClassIdentifier: 
  trigger: {fileID: -737457554488540888}
  localPlayer: 1
  storeOwner:
    variableType: 0
    global:
      allowTypesMask: 512
      name: 
    local:
      allowTypesMask: 512
      name: 
      targetType: 2
      targetObject: {fileID: 0}
    list:
      targetType: 3
      targetObject: {fileID: 0}
      select: 1
      index: 0
  instantiationData:
    customData: []
--- !u!114 &-5517253251935793247
MonoBehaviour:
  m_ObjectHideFlags: 3
  m_CorrespondingSourceObject: {fileID: 0}
  m_PrefabInstance: {fileID: 0}
  m_PrefabAsset: {fileID: 0}
  m_GameObject: {fileID: 8149606609624675486}
  m_Enabled: 1
  m_EditorHideFlags: 0
  m_Script: {fileID: 11500000, guid: 1efa2e918f10d446697b122083e4c41f, type: 3}
  m_Name: 
  m_EditorClassIdentifier: 
  isExpanded: 1
  target:
    target: 3
    gameObject: {fileID: 3334137153908432193, guid: 93f9c0a5b02e0634db05f755f91bde62, type: 3}
    global:
      allowTypesMask: 512
      name: 
    local:
      allowTypesMask: 512
      name: 
      targetType: 2
      targetObject: {fileID: 8149606609624675486}
    list:
      targetType: 3
      targetObject: {fileID: 0}
      select: 1
      index: 0
    eventChangeVariable:
      m_PersistentCalls:
        m_Calls: []
  active: 1
